@book{pdf1,
  author = {[1]},
  year = {Roma Chauhan,AmitKumar, 2013},
  title = {Cloud Computing for Improved Healthcare: 
Techniques, Potential and Challenges},
  publisher = {The 4th IEEE International Conference on E-Health and Bioengineering - EHB 2013}
}

@book{pdf2,
  author = {[2]},
  year = {Maslin Masrom and Ailar Rahimli, 2014},
  title = {A Review of Cloud Computing Technology Solution for Healthcare System},
  publisher = {Research Journal of Applied Sciences, Engineering and Technology},
}

@book{pdf3,
  author = {[3]},
  year = {Alex Mu-Hsing Kuo, PhD, 2011},
  title = {Opportunities and Challenges of Cloud Computing to Improve Health Care Services},
  publisher = {JOURNAL OF MEDICAL INTERNET RESEARCH},
  edition = {2}
}

@book{pdf4,
  author = {[4]},
  year = {Mervat Bamiah, Sarfraz Brohi, Suriayati Chuprat, 2015},
  title = {A Study on Significance of Adopting Cloud 
Computing Paradigm in Healthcare Sector},
  publisher = {Universiti Teknologi Malaysia, Malaysia },
}

@book{pdf5,
  author = {[5]},
  year = {Lingkiswaran Devadass1
, Sugalia Santhira Sekaran2
, Rajermani Thinakaran3
,2017},
  title = {CLOUD COMPUTING IN HEALTHCARE},
  publisher = {International Students' Research in Technology},
}

@book{pdf6,
  author = {[6]},
  year = {Charalampos Doukas, Thomas Pliakas, 2010},
  title = {Mobile Healthcare Information Management utilizing Cloud 
Computing and Android OS },
  publisher = {32nd Annual International Conference of the IEEE EMBS
Buenos Aires, Argentina},
}

@book{pdf7,
  author = {[7]},
  year = {Charalampos Doukas, Ilias Maglogiannis , 2012},
  title = {Bringing IoT and Cloud Computing towards Pervasive Healthcare},
  publisher = {Sixth International Conference on Innovative Mobile and Internet Services in Ubiquitous Computing},
}

@book{pdf8,
  author = {[8]},
  year = {Lena Griebel
, Hans-Ulrich Prokosch, Felix KÃ¶pcke, Dennis Toddenroth, Jan Christoph, Ines Leb, Igor Engel
and Martin Sedlmayr, 2015},
  title = {A scoping review of cloud computing in
healthcare},
  publisher = {Griebel et al. BMC Medical Informatics and Decision Making},
}

@book{pdf9,
  author = {[9]},
  year = {Sanjay P. Ahuja1, Sindhu Mani1, Jesus Zambrano1, 2012},
  title = {A Survey of the State of Cloud Computing in Healthcare},
  publisher = { School of Computing, University of North Florida, Jacksonville, USA}
}

@book{pdf10,
  author = {[10]},
  year = {L. Minh Dang, Md. Jalil Piran, Dongil Han, Kyungbok Min Moon, 2019},
  title = {A Survey on Internet of Things and Cloud Computing
for Healthcare},
  publisher = {Department of Computer Science and Engineering, Sejong University, Seoul}
}